<record><leader>00000cas a2200000 a 4500</leader><controlfield tag="001">12304617</controlfield><controlfield tag="008">850725d18571955ilucr ne      0    0eng c</controlfield><datafield ind1=" " ind2=" " tag="010"><subfield code="a">sn 85033888 </subfield></datafield><datafield ind1=" " ind2=" " tag="040"><subfield code="a">NPU</subfield><subfield code="b">eng</subfield><subfield code="c">NPU</subfield><subfield code="d">NVF</subfield><subfield code="d">OCL</subfield><subfield code="d">CVF</subfield><subfield code="d">NVF</subfield><subfield code="d">OCLCF</subfield><subfield code="d">OCLCO</subfield></datafield><datafield ind1="1" ind2=" " tag="029"><subfield code="a">AU@</subfield><subfield code="b">000020234563</subfield></datafield><datafield ind1=" " ind2=" " tag="042"><subfield code="a">pcc</subfield></datafield><datafield ind1=" " ind2=" " tag="043"><subfield code="a">n-us-il</subfield></datafield><datafield ind1="0" ind2=" " tag="130"><subfield code="a">Whiteside sentinel (Morrison, Ill. : Weekly)</subfield></datafield><datafield ind1="1" ind2="4" tag="245"><subfield code="a">The Whiteside sentinel.</subfield></datafield><datafield ind1=" " ind2=" " tag="260"><subfield code="a">Morrison, Ill. :</subfield><subfield code="b">A. McFadden,</subfield><subfield code="c">1857-1955.</subfield></datafield><datafield ind1=" " ind2=" " tag="300"><subfield code="a">v. ;</subfield><subfield code="c">67 cm.</subfield></datafield><datafield ind1=" " ind2=" " tag="310"><subfield code="a">Semiweekly,</subfield><subfield code="b">July 24, 1942-1955</subfield></datafield><datafield ind1=" " ind2=" " tag="321"><subfield code="a">Frequency varies,</subfield><subfield code="b">1857-July 22, 1942</subfield></datafield><datafield ind1="0" ind2=" " tag="362"><subfield code="a">Vol. 1, no. 1 (July 23, 1857)-v. 99, no. 20 (Sept. 29, 1955).</subfield></datafield><datafield ind1=" " ind2=" " tag="580"><subfield code="a">Daily fair ed.: Whiteside sentinel (Morrison, Ill. : Daily fair ed.), &lt;1883-1901&gt;.</subfield></datafield><datafield ind1=" " ind2="0" tag="651"><subfield code="a">Morrison (Ill.)</subfield><subfield code="v">Newspapers.</subfield></datafield><datafield ind1=" " ind2="0" tag="651"><subfield code="a">Whiteside County (Ill.)</subfield><subfield code="v">Newspapers.</subfield></datafield><datafield ind1=" " ind2="7" tag="655"><subfield code="a">Newspapers.</subfield><subfield code="2">fast</subfield><subfield code="0">(OCoLC)fst01423814</subfield></datafield><datafield ind1=" " ind2="7" tag="651"><subfield code="a">Illinois</subfield><subfield code="z">Morrison.</subfield><subfield code="2">fast</subfield><subfield code="0">(OCoLC)fst01226724</subfield></datafield><datafield ind1=" " ind2="7" tag="651"><subfield code="a">Illinois</subfield><subfield code="z">Whiteside County.</subfield><subfield code="2">fast</subfield><subfield code="0">(OCoLC)fst01208395</subfield></datafield><datafield ind1=" " ind2=" " tag="752"><subfield code="a">United States</subfield><subfield code="b">Illinois</subfield><subfield code="c">Whiteside</subfield><subfield code="d">Morrison.</subfield></datafield><datafield ind1="1" ind2=" " tag="775"><subfield code="t">Whiteside sentinel (Morrison, Ill. : Daily fair ed.)</subfield><subfield code="w">(DLC)sn 92053340</subfield><subfield code="w">(OCoLC)26450710</subfield></datafield><datafield ind1="0" ind2="4" tag="785"><subfield code="t">Whiteside County news</subfield><subfield code="w">(DLC)sn 92053339</subfield><subfield code="w">(OCoLC)26450710</subfield></datafield></record>